000782995 FMT   L MP
000782995 LDR   L ^^^^^cem^a22004932i^4500
000782995 001   L 000782995
000782995 005   L 20151225104310.0
000782995 007   L au|cacz|
000782995 008   L 941124s1972^^^^fi^ag^^bi|b|||||||||fin||
000782995 015   L $$afc525533$$2skl
000782995 0341  L $$aa$$b00020000
000782995 035   L $$a(FI-MELINDA)000782995
000782995 039   L $$a231210$$ba$$d2450$$e2460$$f7020$$g7010
000782995 040   L $$aFI-NL
000782995 0410  L $$afin
000782995 042   L $$afinb
000782995 045   L $$bd1967
000782995 24500 L $$aPeruskartta 1:20000.$$n2312 10,$$pRintala.
000782995 255   L $$a1:20000.
000782995 260   L $$a[Helsinki] :$$bMaanmittaushallitus,$$c1972.
000782995 300   L $$a1 kartta :$$bvärillinen ;$$c72 x 56 cm
000782995 336   L $$akartografinen kuva$$bcri$$2rdacontent
000782995 337   L $$akäytettävissä ilman laitetta$$bn$$2rdamedia
000782995 338   L $$aarkki$$bnb$$2rdacarrier
000782995 500   L $$a0-meridiaani : Greenwich.$$9FENNI<KEEP>
000782995 500   L $$aKaksi erilaista lehteä (1-2, 1-3).$$9FENNI<KEEP>
000782995 500   L $$aKantapiirrokset: karttapohja (1), korkeuskäyrät (2), kiinteistörajat (3).$$9FENNI<KEEP>
000782995 500   L $$aKartan esitystekniikka: maastokartta.$$9FENNI<KEEP>
000782995 500   L $$aKartoitus 1967.$$9FENNI<KEEP>
000782995 500   L $$aLisäksi vuosina 1949-1955 julkaistiin peruskarttalehtiä ilman korkeuskäyriä kiinteistörajoin (1+3) ja ilman kiinteistörajoja (1).$$9FENNI<KEEP>
000782995 500   L $$aPeruskartasta julkaistiin vuosina 1949-1978 kiinteistörajaisia (1-3) ja kiinteistörajattomia (1-2) painoksia.$$9FENNI<KEEP>
000782995 650 7 L $$amaastokartat$$2ysa$$9FENNI<KEEP>
000782995 650 7 L $$akartat$$2ysa$$9FENNI<KEEP>
000782995 651 7 L $$aKortesjärvi$$2ysa$$9FENNI<KEEP>
000782995 651 7 L $$aKauhava$$2ysa$$9FENNI<KEEP>
000782995 651 7 L $$aAlahärmä$$2ysa$$9FENNI<KEEP>
000782995 7400  L $$aRintala.
