000947579 FMT   L MP
000947579 LDR   L ^^^^^cem^a22004932i^4500
000947579 001   L 000947579
000947579 005   L 20151225194106.0
000947579 007   L au|cacz|
000947579 008   L 040316s1964^^^^fi^ag^^bi|b|||||||||fin||
000947579 015   L $$afc20040479$$2skl
000947579 0341  L $$aa$$b00020000
000947579 035   L $$a(FI-MELINDA)000947579
000947579 039   L $$a202110$$ba$$d2450$$e2460$$f6690$$g6680
000947579 040   L $$aFI-NL
000947579 0410  L $$afin
000947579 042   L $$afinb
000947579 045   L $$bd1963
000947579 24500 L $$aPeruskartta 1:20000.$$nN:o 2021 10,$$pPerniön asema.
000947579 255   L $$a1:20000.
000947579 260   L $$a[Helsinki] :$$b[Maanmittaushallitus],$$c1964.
000947579 300   L $$a1 kartta :$$bvärillinen ;$$c72 x 56 cm
000947579 336   L $$akartografinen kuva$$bcri$$2rdacontent
000947579 337   L $$akäytettävissä ilman laitetta$$bn$$2rdamedia
000947579 338   L $$aarkki$$bnb$$2rdacarrier
000947579 500   L $$a0-meridiaani : Greenwich.$$9FENNI<KEEP>
000947579 500   L $$aKaksi erilaista lehteä (1-2, 1-3).$$9FENNI<KEEP>
000947579 500   L $$aKantapiirrokset: karttapohja (1), korkeuskäyrät (2), kiinteistörajat (3).$$9FENNI<KEEP>
000947579 500   L $$aKartan esitystekniikka: maastokartta.$$9FENNI<KEEP>
000947579 500   L $$aKartoitus 1962-1963.$$9FENNI<KEEP>
000947579 500   L $$aLisäksi vuosina 1949-1955 julkaistiin peruskarttalehtiä ilman korkeuskäyriä kiinteistörajoin (1+3) ja ilman kiinteistörajoja (1).$$9FENNI<KEEP>
000947579 500   L $$aPeruskartasta julkaistiin vuosina 1949-1978 kiinteistörajaisia (1-3) ja kiinteistörajattomia (1-2) painoksia.$$9FENNI<KEEP>
000947579 650 7 L $$amaastokartat$$2ysa$$9FENNI<KEEP>
000947579 650 7 L $$akartat$$2ysa$$9FENNI<KEEP>
000947579 651 7 L $$aPerniö$$2ysa$$9FENNI<KEEP>
000947579 651 7 L $$aMuurla$$2ysa$$9FENNI<KEEP>
000947579 651 7 L $$aUskela$$2ysa$$9FENNI<KEEP>
000947579 7400  L $$aPerniön asema.
