000947582 FMT   L MP
000947582 LDR   L ^^^^^cem^a22005172i^4500
000947582 001   L 000947582
000947582 005   L 20151225194107.0
000947582 007   L au|cacz|
000947582 008   L 040316s1964^^^^fi^ag^^bi|b|||||||||fin||
000947582 015   L $$afc20040482$$2skl
000947582 0341  L $$aa$$b00020000
000947582 035   L $$a(FI-MELINDA)000947582
000947582 039   L $$a202107$$ba$$d2440$$e2450$$f6690$$g6680
000947582 040   L $$aFI-NL
000947582 0410  L $$afin
000947582 042   L $$afinb
000947582 045   L $$bd1963
000947582 24500 L $$aPeruskartta 1:20000.$$nN:o 2021 07,$$pTeijo.
000947582 255   L $$a1:20000.
000947582 260   L $$a[Helsinki] :$$b[Maanmittaushallitus],$$c1964.
000947582 300   L $$a1 kartta :$$bvärillinen ;$$c72 x 56 cm
000947582 336   L $$akartografinen kuva$$bcri$$2rdacontent
000947582 337   L $$akäytettävissä ilman laitetta$$bn$$2rdamedia
000947582 338   L $$aarkki$$bnb$$2rdacarrier
000947582 500   L $$a0-meridiaani : Greenwich.$$9FENNI<KEEP>
000947582 500   L $$aKaksi erilaista lehteä (1-2, 1-3).$$9FENNI<KEEP>
000947582 500   L $$aKantapiirrokset: karttapohja (1), korkeuskäyrät (2), kiinteistörajat (3).$$9FENNI<KEEP>
000947582 500   L $$aKartan esitystekniikka: maastokartta.$$9FENNI<KEEP>
000947582 500   L $$aKartoitus 1962-1963.$$9FENNI<KEEP>
000947582 500   L $$aLisäksi vuosina 1949-1955 julkaistiin peruskarttalehtiä ilman korkeuskäyriä kiinteistörajoin (1+3) ja ilman kiinteistörajoja (1).$$9FENNI<KEEP>
000947582 500   L $$aPeruskartasta julkaistiin vuosina 1949-1978 kiinteistörajaisia (1-3) ja kiinteistörajattomia (1-2) painoksia.$$9FENNI<KEEP>
000947582 650 7 L $$amaastokartat$$2ysa$$9FENNI<KEEP>
000947582 650 7 L $$akartat$$2ysa$$9FENNI<KEEP>
000947582 651 7 L $$aPerniö$$2ysa$$9FENNI<KEEP>
000947582 651 7 L $$aUskela$$2ysa$$9FENNI<KEEP>
000947582 651 7 L $$aAngelniemi$$2ysa$$9FENNI<KEEP>
000947582 651 7 L $$aHalikko$$2ysa$$9FENNI<KEEP>
000947582 651 7 L $$aKemiö$$2ysa$$9FENNI<KEEP>
000947582 7400  L $$aTeijo.
