000947648 FMT   L MP
000947648 LDR   L ^^^^^cem^a22005052i^4500
000947648 001   L 000947648
000947648 005   L 20151225194152.0
000947648 007   L au|cacz|
000947648 008   L 040318s1963^^^^fi^ag^^bi|b|||||||||fin||
000947648 015   L $$afc20040497$$2skl
000947648 0341  L $$aa$$b00020000
000947648 035   L $$a(FI-MELINDA)000947648
000947648 039   L $$a202206$$ba$$d2430$$e2440$$f6740$$g6730
000947648 040   L $$aFI-NL
000947648 0410  L $$afin
000947648 042   L $$afinb
000947648 045   L $$bd1960
000947648 24500 L $$aPeruskartta 1:20000.$$nN:o 2022 06,$$pKyrö.
000947648 255   L $$a1:20000.
000947648 260   L $$a[Helsinki] :$$b[Maanmittaushallitus],$$c1963.
000947648 300   L $$a1 kartta :$$bvärillinen ;$$c72 x 56 cm
000947648 336   L $$akartografinen kuva$$bcri$$2rdacontent
000947648 337   L $$akäytettävissä ilman laitetta$$bn$$2rdamedia
000947648 338   L $$aarkki$$bnb$$2rdacarrier
000947648 500   L $$a0-meridiaani : Greenwich.$$9FENNI<KEEP>
000947648 500   L $$aKaksi erilaista lehteä (1-2, 1-3).$$9FENNI<KEEP>
000947648 500   L $$aKantapiirrokset: karttapohja (1), korkeuskäyrät (2), kiinteistörajat (3).$$9FENNI<KEEP>
000947648 500   L $$aKartan esitystekniikka: maastokartta.$$9FENNI<KEEP>
000947648 500   L $$aKartoitus 1960.$$9FENNI<KEEP>
000947648 500   L $$aLisäksi vuosina 1949-1955 julkaistiin peruskarttalehtiä ilman korkeuskäyriä kiinteistörajoin (1+3) ja ilman kiinteistörajoja (1).$$9FENNI<KEEP>
000947648 500   L $$aPeruskartasta julkaistiin vuosina 1949-1978 kiinteistörajaisia (1-3) ja kiinteistörajattomia (1-2) painoksia.$$9FENNI<KEEP>
000947648 650 7 L $$amaastokartat$$2ysa$$9FENNI<KEEP>
000947648 650 7 L $$akartat$$2ysa$$9FENNI<KEEP>
000947648 651 7 L $$aPöytyä$$2ysa$$9FENNI<KEEP>
000947648 651 7 L $$aKarinainen$$2ysa$$9FENNI<KEEP>
000947648 651 7 L $$aMellilä$$2ysa$$9FENNI<KEEP>
000947648 651 7 L $$aMarttila$$2ysa$$9FENNI<KEEP>
000947648 7400  L $$aKyrö.
