000947651 FMT   L MP
000947651 LDR   L 00000cem^a22005052i^4500
000947651 001   L 000947651
000947651 005   L 20170111160342.0
000947651 007   L au|cacz|
000947651 008   L 040318s1963^^^^fi^ag^^bi|b|||||||||fin||
000947651 015   L $$afc20040499$$2skl
000947651 0341  L $$aa$$b00020000
000947651 035   L $$a(FI-MELINDA)000947651
000947651 039   L $$a202204$$ba$$d2430$$e2440$$f6720$$g6710
000947651 040   L $$aFI-NL
000947651 0410  L $$afin
000947651 042   L $$afinb
000947651 045   L $$bd1960
000947651 24500 L $$aPeruskartta 1:20000.$$nN:o 2022 04,$$pMarttila.
000947651 255   L $$a1:20000.
000947651 260   L $$a[Helsinki] :$$b[Maanmittaushallitus],$$c1963.
000947651 300   L $$a1 kartta :$$bvärillinen ;$$c72 x 56 cm
000947651 336   L $$akartografinen kuva$$bcri$$2rdacontent
000947651 337   L $$akäytettävissä ilman laitetta$$bn$$2rdamedia
000947651 338   L $$aarkki$$bnb$$2rdacarrier
000947651 500   L $$a0-meridiaani : Greenwich.$$9FENNI<KEEP>
000947651 500   L $$aKaksi erilaista lehteä (1-2, 1-3).$$9FENNI<KEEP>
000947651 500   L $$aKantapiirrokset: karttapohja (1), korkeuskäyrät (2), kiinteistörajat (3).$$9FENNI<KEEP>
000947651 500   L $$aKartan esitystekniikka: maastokartta.$$9FENNI<KEEP>
000947651 500   L $$aKartoitus 1960.$$9FENNI<KEEP>
000947651 500   L $$aLisäksi vuosina 1949-1955 julkaistiin peruskarttalehtiä ilman korkeuskäyriä kiinteistörajoin (1+3) ja ilman kiinteistörajoja (1).$$9FENNI<KEEP>
000947651 500   L $$aPeruskartasta julkaistiin vuosina 1949-1978 kiinteistörajaisia (1-3) ja kiinteistörajattomia (1-2) painoksia.$$9FENNI<KEEP>
000947651 650 7 L $$amaastokartat$$2ysa$$9FENNI<KEEP>
000947651 650 7 L $$akartat$$2ysa$$9FENNI<KEEP>
000947651 651 7 L $$aTarvasjoki (kunta)$$2ysa$$9FENNI<KEEP>
000947651 651 7 L $$aMarttila$$2ysa$$9FENNI<KEEP>
000947651 651 7 L $$aPaimio$$2ysa$$9FENNI<KEEP>
000947651 651 7 L $$aHalikko$$2ysa$$9FENNI<KEEP>
000947651 7400  L $$aMarttila.
000947651 901   L $$bSISKUV$$5FENNI$$c20170111160342.0
