000947965 FMT   L MP
000947965 LDR   L ^^^^^cem^a22004812i^4500
000947965 001   L 000947965
000947965 005   L 20151225194507.0
000947965 007   L au|cacz|
000947965 008   L 040330s1958^^^^fi^ag^^bi|b|||||||||fin||
000947965 015   L $$afc20040623$$2skl
000947965 0341  L $$aa$$b00020000
000947965 035   L $$a(FI-MELINDA)000947965
000947965 039   L $$a204203$$ba$$d2500$$e2510$$f6740$$g6730
000947965 040   L $$aFI-NL
000947965 0410  L $$afin
000947965 042   L $$afinb
000947965 045   L $$bd1956
000947965 24500 L $$aPeruskartta 1:20000.$$nN:o 2042 03,$$pRäyskälä.
000947965 255   L $$a1:20000.
000947965 260   L $$a[Helsinki] :$$b[Maanmittaushallitus],$$c1958.
000947965 300   L $$a1 kartta :$$bvärillinen ;$$c72 x 56 cm
000947965 336   L $$akartografinen kuva$$bcri$$2rdacontent
000947965 337   L $$akäytettävissä ilman laitetta$$bn$$2rdamedia
000947965 338   L $$aarkki$$bnb$$2rdacarrier
000947965 500   L $$a0-meridiaani : Greenwich.$$9FENNI<KEEP>
000947965 500   L $$aKaksi erilaista lehteä (1-2, 1-3).$$9FENNI<KEEP>
000947965 500   L $$aKantapiirrokset: karttapohja (1), korkeuskäyrät (2), kiinteistörajat (3).$$9FENNI<KEEP>
000947965 500   L $$aKartan esitystekniikka: maastokartta.$$9FENNI<KEEP>
000947965 500   L $$aKartoitus 1956.$$9FENNI<KEEP>
000947965 500   L $$aLisäksi vuosina 1949-1955 julkaistiin peruskarttalehtiä ilman korkeuskäyriä kiinteistörajoin (1+3) ja ilman kiinteistörajoja (1).$$9FENNI<KEEP>
000947965 500   L $$aPeruskartasta julkaistiin vuosina 1949-1978 kiinteistörajaisia (1-3) ja kiinteistörajattomia (1-2) painoksia.$$9FENNI<KEEP>
000947965 650 7 L $$amaastokartat$$2ysa$$9FENNI<KEEP>
000947965 650 7 L $$akartat$$2ysa$$9FENNI<KEEP>
000947965 651 7 L $$aLoppi$$2ysa$$9FENNI<KEEP>
000947965 651 7 L $$aTammela$$2ysa$$9FENNI<KEEP>
000947965 7400  L $$aRäyskälä.
