000947968 FMT   L MP
000947968 LDR   L ^^^^^cem^a22004932i^4500
000947968 001   L 000947968
000947968 005   L 20151225194509.0
000947968 007   L au|cacz|
000947968 008   L 040330s1958^^^^fi^ag^^bi|b|||||||||fin||
000947968 015   L $$afc20040625$$2skl
000947968 0341  L $$aa$$b00020000
000947968 035   L $$a(FI-MELINDA)000947968
000947968 039   L $$a204201$$ba$$d2500$$e2510$$f6720$$g6710
000947968 040   L $$aFI-NL
000947968 0410  L $$afin
000947968 042   L $$afinb
000947968 045   L $$bd1957
000947968 24500 L $$aPeruskartta 1:20000.$$nN:o 2042 01,$$pKarisjärvi.
000947968 255   L $$a1:20000.
000947968 260   L $$a[Helsinki] :$$b[Maanmittaushallitus],$$c1958.
000947968 300   L $$a1 kartta :$$bvärillinen ;$$c72 x 56 cm
000947968 336   L $$akartografinen kuva$$bcri$$2rdacontent
000947968 337   L $$akäytettävissä ilman laitetta$$bn$$2rdamedia
000947968 338   L $$aarkki$$bnb$$2rdacarrier
000947968 500   L $$a0-meridiaani : Greenwich.$$9FENNI<KEEP>
000947968 500   L $$aKaksi erilaista lehteä (1-2, 1-3).$$9FENNI<KEEP>
000947968 500   L $$aKantapiirrokset: karttapohja (1), korkeuskäyrät (2), kiinteistörajat (3).$$9FENNI<KEEP>
000947968 500   L $$aKartan esitystekniikka: maastokartta.$$9FENNI<KEEP>
000947968 500   L $$aKartoitus 1956 ja 1957.$$9FENNI<KEEP>
000947968 500   L $$aLisäksi vuosina 1949-1955 julkaistiin peruskarttalehtiä ilman korkeuskäyriä kiinteistörajoin (1+3) ja ilman kiinteistörajoja (1).$$9FENNI<KEEP>
000947968 500   L $$aPeruskartasta julkaistiin vuosina 1949-1978 kiinteistörajaisia (1-3) ja kiinteistörajattomia (1-2) painoksia.$$9FENNI<KEEP>
000947968 650 7 L $$amaastokartat$$2ysa$$9FENNI<KEEP>
000947968 650 7 L $$akartat$$2ysa$$9FENNI<KEEP>
000947968 651 7 L $$aPusula$$2ysa$$9FENNI<KEEP>
000947968 651 7 L $$aPyhäjärvi Ul.$$2ysa$$9FENNI<KEEP>
000947968 651 7 L $$aKarkkila$$2ysa$$9FENNI<KEEP>
000947968 7400  L $$aKarisjärvi.
