000949255 FMT   L MP
000949255 LDR   L ^^^^^cem^a22004932i^4500
000949255 001   L 000949255
000949255 005   L 20151225195852.0
000949255 007   L au|cacz|
000949255 008   L 040527s1965^^^^fi^ag^^bi|b|||||||||fin||
000949255 015   L $$afc20040901$$2skl
000949255 0341  L $$aa$$b00020000
000949255 035   L $$a(FI-MELINDA)000949255
000949255 039   L $$a212410$$ba$$d2490$$e2500$$f6840$$g6830
000949255 040   L $$aFI-NL
000949255 0410  L $$afin
000949255 042   L $$afinb
000949255 045   L $$bd1953
000949255 24500 L $$aPeruskartta 1:20000.$$nN:o 2124 10,$$pKämmenniemi.
000949255 255   L $$a1:20000.
000949255 260   L $$a[Helsinki] :$$b[Maanmittaushallitus],$$c[1965]
000949255 300   L $$a1 kartta :$$bvärillinen ;$$c72 x 56 cm
000949255 336   L $$akartografinen kuva$$bcri$$2rdacontent
000949255 337   L $$akäytettävissä ilman laitetta$$bn$$2rdamedia
000949255 338   L $$aarkki$$bnb$$2rdacarrier
000949255 500   L $$a0-meridiaani : Greenwich.$$9FENNI<KEEP>
000949255 500   L $$aKantapiirrokset: karttapohja (1), korkeuskäyrät (2), kiinteistörajat (3).$$9FENNI<KEEP>
000949255 500   L $$aKartan esitystekniikka: maastokartta.$$9FENNI<KEEP>
000949255 500   L $$aKartoitus 1953, kiinteistörajat 5.1964.$$9FENNI<KEEP>
000949255 500   L $$aLehti (1-3).$$9FENNI<KEEP>
000949255 500   L $$aLisäksi vuosina 1949-1955 julkaistiin peruskarttalehtiä ilman korkeuskäyriä kiinteistörajoin (1+3) ja ilman kiinteistörajoja (1).$$9FENNI<KEEP>
000949255 500   L $$aPeruskartasta julkaistiin vuosina 1949-1978 kiinteistörajaisia (1-3) ja kiinteistörajattomia (1-2) painoksia.$$9FENNI<KEEP>
000949255 650 7 L $$amaastokartat$$2ysa$$9FENNI<KEEP>
000949255 650 7 L $$akartat$$2ysa$$9FENNI<KEEP>
000949255 651 7 L $$aTeisko$$2ysa$$9FENNI<KEEP>
000949255 651 7 L $$aAitolahti$$2ysa$$9FENNI<KEEP>
000949255 651 7 L $$aTampere$$2ysa$$9FENNI<KEEP>
000949255 7400  L $$aKämmenniemi.
