000949587 FMT   L MP
000949587 LDR   L ^^^^^cem^a22004932i^4500
000949587 001   L 000949587
000949587 005   L 20151225200210.0
000949587 007   L au|cacz|
000949587 008   L 040604s1958^^^^fi^ag^^bi|b|||||||||fin||
000949587 015   L $$afc20041022$$2skl
000949587 0341  L $$aa$$b00020000
000949587 035   L $$a(FI-MELINDA)000949587
000949587 039   L $$a214212$$ba$$d2530$$e2540$$f6860$$g6850
000949587 040   L $$aFI-NL
000949587 0410  L $$afin
000949587 042   L $$afinb
000949587 045   L $$bd1955
000949587 24500 L $$aPeruskartta 1:20000.$$nN:o 2142 12,$$pUrtimojärvi.
000949587 255   L $$a1:20000.
000949587 260   L $$a[Helsinki] :$$b[Maanmittaushallitus],$$c1958.
000949587 300   L $$a1 kartta :$$bvärillinen ;$$c72 x 56 cm
000949587 336   L $$akartografinen kuva$$bcri$$2rdacontent
000949587 337   L $$akäytettävissä ilman laitetta$$bn$$2rdamedia
000949587 338   L $$aarkki$$bnb$$2rdacarrier
000949587 500   L $$a0-meridiaani : Greenwich.$$9FENNI<KEEP>
000949587 500   L $$aKaksi erilaista lehteä (1-2, 1-3).$$9FENNI<KEEP>
000949587 500   L $$aKantapiirrokset: karttapohja (1), korkeuskäyrät (2), kiinteistörajat (3).$$9FENNI<KEEP>
000949587 500   L $$aKartan esitystekniikka: maastokartta.$$9FENNI<KEEP>
000949587 500   L $$aKartoitus 1955.$$9FENNI<KEEP>
000949587 500   L $$aLisäksi vuosina 1949-1955 julkaistiin peruskarttalehtiä ilman korkeuskäyriä kiinteistörajoin (1+3) ja ilman kiinteistörajoja (1).$$9FENNI<KEEP>
000949587 500   L $$aPeruskartasta julkaistiin vuosina 1949-1978 kiinteistörajaisia (1-3) ja kiinteistörajattomia (1-2) painoksia.$$9FENNI<KEEP>
000949587 650 7 L $$amaastokartat$$2ysa$$9FENNI<KEEP>
000949587 650 7 L $$akartat$$2ysa$$9FENNI<KEEP>
000949587 651 7 L $$aLängelmäki$$2ysa$$9FENNI<KEEP>
000949587 651 7 L $$aJuupajoki$$2ysa$$9FENNI<KEEP>
000949587 651 7 L $$aKuorevesi$$2ysa$$9FENNI<KEEP>
000949587 7400  L $$aUrtimojärvi.
